<?xml version="1.0" encoding="UTF-8"?><collection xmlns="http://www.loc.gov/MARC21/slim"><record><leader>00416nam--2200133-i-4500</leader><controlfield tag="001">000020427</controlfield><controlfield tag="002">20161230</controlfield><controlfield tag="005">20161230201033</controlfield><controlfield tag="008">060222s1000------------r-----000-0-eng-d</controlfield><datafield ind1=" " ind2=" " tag="080"><subfield code="a">621.382:621.375.826(043)</subfield></datafield><datafield ind1=" " ind2=" " tag="100"><subfield code="a">Ferger, Fritz A</subfield></datafield><datafield ind1=" " ind2=" " tag="245"><subfield code="a">Etude des possibilites d emploi des transistors dans la selection d amplitude de tensions impulsives.these</subfield></datafield><datafield ind1=" " ind2=" " tag="260"><subfield code="a">Grenoble, Universite, 1958. 43 P</subfield></datafield><datafield ind1=" " ind2=" " tag="852"><subfield code="a">78169</subfield></datafield></record></collection>